<?xml version="1.0" encoding="UTF-8"?><collection xmlns="http://www.loc.gov/MARC21/slim"><record><leader>00482nam--2200169-i-4500</leader><controlfield tag="001">000010894</controlfield><controlfield tag="002">20161230</controlfield><controlfield tag="005">20170206190440</controlfield><controlfield tag="008">060222s1000------------r-----000-0-eng-d</controlfield><datafield ind1=" " ind2=" " tag="100"><subfield code="a">Cleymans, Jean</subfield></datafield><datafield ind1=" " ind2=" " tag="245"><subfield code="a">On the quark-parton fragmentation functions</subfield></datafield><datafield ind1=" " ind2=" " tag="260"><subfield code="a">Rio De Janeiro</subfield><subfield code="b">Centro Brasileiro De Pesquisas Fisicas</subfield><subfield code="c">1973</subfield></datafield><datafield ind1=" " ind2=" " tag="300"><subfield code="a">/213-217/ p</subfield></datafield><datafield ind1=" " ind2=" " tag="490"><subfield code="a">Notas De Fisica</subfield></datafield><datafield ind1=" " ind2=" " tag="700"><subfield code="a">Rodenberg, Rudolf</subfield></datafield><datafield ind1=" " ind2=" " tag="852"><subfield code="a">539.126.6(047.1)</subfield></datafield><datafield ind1=" " ind2=" " tag="CAT"><subfield code="a">SYS</subfield><subfield code="c">20170206</subfield><subfield code="h">190440</subfield></datafield></record></collection>